symbol,end_date,amend,period_focus,fiscal_year,doc_type,revenues,op_income,net_income,eps_basic,eps_diluted,dividend,assets,cur_assets,cur_liab,cash,equity,cash_flow_op,cash_flow_inv,cash_flow_fin
F,2009-06-30,False,Q2,2009,10-Q,23989000000.0,,2261000000.0,0.75,0.69,0.0,2.0019e+11,,,24011000000.0,-9418000000.0,9779000000.0,5702000000.0,-13191000000.0
F,2009-09-30,False,Q3,2009,10-Q,27870000000.0,,997000000.0,0.31,0.29,0.0,2.03106e+11,40867000000.0,46156000000.0,25798000000.0,-7270000000.0,15630000000.0,2796000000.0,-14571000000.0
F,2009-12-31,False,FY,2009,10-K,1.05893e+11,,2717000000.0,0.91,0.86,0.0,1.9485e+11,40560000000.0,37037000000.0,21441000000.0,-6515000000.0,16042000000.0,6469000000.0,-22959000000.0
F,2010-03-31,False,Q1,2010,10-Q,28894000000.0,,2085000000.0,0.62,0.5,0.0,1.91968e+11,41040000000.0,39978000000.0,24356000000.0,-5437000000.0,2683000000.0,1167000000.0,-112000000.0
F,2010-06-30,False,Q2,2010,10-Q,32564000000.0,,2599000000.0,0.76,0.61,0.0,1.7975e+11,36611000000.0,36547000000.0,18322000000.0,-3541000000.0,6457000000.0,2844000000.0,-11173000000.0
F,2010-09-30,False,Q2,2010,10-Q,27592000000.0,,1687000000.0,0.49,0.43,0.0,1.77078e+11,39600000000.0,37626000000.0,17992000000.0,-1740000000.0,10238000000.0,620000000.0,-13570000000.0
F,2010-12-31,False,FY,2010,10-K,1.1928e+11,,6561000000.0,1.9,1.66,0.0,1.64687e+11,34368000000.0,34516000000.0,14805000000.0,-642000000.0,11477000000.0,6908000000.0,-24421000000.0
F,2011-03-31,False,Q1,2011,10-Q,31038000000.0,,2551000000.0,0.68,0.61,0.0,1.67391e+11,37010000000.0,36739000000.0,21318000000.0,2465000000.0,2497000000.0,6894000000.0,-3282000000.0
F,2011-06-30,False,Q2,2011,10-Q,33476000000.0,,2398000000.0,0.63,0.59,0.0,1.68086e+11,38076000000.0,36621000000.0,17472000000.0,5350000000.0,6226000000.0,2823000000.0,-7005000000.0
F,2011-09-30,False,Q3,2011,10-Q,31043000000.0,,1649000000.0,0.43,0.41,0.0,1.6274e+11,36236000000.0,34382000000.0,16460000000.0,6026000000.0,10019000000.0,991000000.0,-9214000000.0
F,2011-12-31,False,FY,2011,10-K,1.28168e+11,,20213000000.0,5.33,4.94,0.05,1.78348e+11,38147000000.0,32825000000.0,17148000000.0,15071000000.0,9784000000.0,-3041000000.0,-4241000000.0
F,2012-03-31,False,Q1,2012,10-Q,30525000000.0,,1396000000.0,0.37,0.35,0.05,1.82075e+11,40582000000.0,34885000000.0,15244000000.0,16650000000.0,2075000000.0,-4511000000.0,370000000.0
F,2012-06-30,False,Q2,2012,10-Q,31328000000.0,,1040000000.0,0.27,0.26,0.0,1.81236e+11,41506000000.0,35102000000.0,15101000000.0,17079000000.0,5979000000.0,-7549000000.0,-347000000.0
F,2012-09-30,False,Q3,2012,10-Q,30247000000.0,,1631000000.0,0.43,0.41,0.05,1.8468e+11,43118000000.0,36058000000.0,13539000000.0,18886000000.0,9406000000.0,-12623000000.0,-382000000.0
F,2012-12-31,False,FY,2012,10-K,1.26567e+11,,5665000000.0,1.48,1.42,0.15,1.90554e+11,43175000000.0,35228000000.0,15659000000.0,15989000000.0,9045000000.0,-14290000000.0,3705000000.0
F,2013-03-31,False,Q1,2013,10-Q,33858000000.0,,1611000000.0,0.41,0.4,0.1,1.9301e+11,44905000000.0,35237000000.0,13820000000.0,17638000000.0,211000000.0,-3851000000.0,1967000000.0
F,2013-06-30,False,Q2,2013,10-Q,36079000000.0,,1233000000.0,0.31,0.3,0.1,1.9621e+11,46356000000.0,37000000000.0,13362000000.0,19222000000.0,6289000000.0,-11063000000.0,2675000000.0
F,2013-09-30,False,Q3,2013,10-Q,33857000000.0,,1272000000.0,0.32,0.31,0.1,2.01071e+11,46962000000.0,38107000000.0,14752000000.0,20510000000.0,10129000000.0,-15320000000.0,4342000000.0
F,2013-12-31,False,FY,2013,10-K,1.39369e+11,,7155000000.0,1.82,1.76,0.4,2.02026e+11,42457000000.0,37003000000.0,14468000000.0,26416000000.0,10444000000.0,-19731000000.0,8133000000.0
F,2014-03-31,False,Q1,2014,10-Q,33876000000.0,,989000000.0,0.25,0.24,0.125,2.07082e+11,43900000000.0,39779000000.0,12983000000.0,26807000000.0,2220000000.0,-5662000000.0,1988000000.0
F,2014-06-30,False,Q2,2014,10-Q,35365000000.0,,1311000000.0,0.33,0.32,0.125,2.10945e+11,45997000000.0,42724000000.0,11573000000.0,26807000000.0,6970000000.0,-11685000000.0,1802000000.0
F,2014-09-30,False,Q3,2014,10-Q,32779000000.0,,835000000.0,0.22,0.21,0.125,2.08835e+11,42679000000.0,41639000000.0,13320000000.0,26165000000.0,12339000000.0,-15594000000.0,2413000000.0
F,2014-12-31,False,FY,2014,10-K,1.35782e+11,,3187000000.0,0.81,0.8,0.5,2.08527e+11,40442000000.0,40108000000.0,10757000000.0,24832000000.0,14507000000.0,-21124000000.0,3423000000.0
F,2015-03-31,False,Q1,2015,10-Q,31800000000.0,,924000000.0,0.23,0.23,0.15,2.12374e+11,40732000000.0,40506000000.0,12368000000.0,24974000000.0,2413000000.0,-4960000000.0,4584000000.0
F,2015-06-30,False,Q2,2015,10-Q,35105000000.0,,1885000000.0,0.47,0.47,0.15,2.16045e+11,42876000000.0,41785000000.0,12897000000.0,26355000000.0,7623000000.0,-8950000000.0,3741000000.0
F,2015-09-30,False,Q3,2015,10-Q,35818000000.0,,1909000000.0,0.48,0.48,0.15,2.19431e+11,44370000000.0,41012000000.0,14686000000.0,27484000000.0,14078000000.0,-16664000000.0,7137000000.0
F,2015-12-31,False,FY,2015,10-K,1.40566e+11,,7373000000.0,1.86,1.84,0.6,2.24925e+11,42574000000.0,39646000000.0,14272000000.0,28657000000.0,16170000000.0,-26162000000.0,14322000000.0
