symbol,end_date,amend,period_focus,fiscal_year,doc_type,revenues,op_income,net_income,eps_basic,eps_diluted,dividend,assets,cur_assets,cur_liab,cash,equity,cash_flow_op,cash_flow_inv,cash_flow_fin
GOOG/GOOGL,2015-09-30,False,Q3,2015,10-Q,18675000000.0,4708000000.0,3979000000.0,23.2,22.92,0.0,144281000000.0,88103000000.0,18457000000.0,18068000000.0,116241000000.0,19609000000.0,-18224000000.0,-1312000000.0
GOOG,2009-12-31,False,FY,2009,10-K,23650563000.0,8312186000.0,6520448000.0,20.62,20.41,0.0,40496778000.0,29166958000.0,2747467000.0,10197588000.0,36004224000.0,9316198000.0,-8019205000.0,233412000.0
GOOG,2010-03-31,False,Q1,2010,10-Q,6775000000.0,2488000000.0,1955000000.0,6.15,6.06,0.0,42871000000.0,31132000000.0,2922000000.0,9192000000.0,38283000000.0,2584000000.0,-3424000000.0,-123000000.0
GOOG,2010-06-30,False,Q2,2010,10-Q,6820000000.0,2365000000.0,1840000000.0,5.78,5.71,0.0,48045000000.0,35161000000.0,5747000000.0,10713000000.0,40613000000.0,4669000000.0,-3285000000.0,-769000000.0
GOOG,2010-09-30,False,Q3,2010,10-Q,7286000000.0,2547000000.0,2167000000.0,6.8,6.72,0.0,53342000000.0,39447000000.0,8530000000.0,11257000000.0,43290000000.0,7555000000.0,-7831000000.0,1298000000.0
GOOG,2011-03-31,False,Q1,2011,10-Q,8575000000.0,2296000000.0,1798000000.0,5.59,5.51,0.0,59960000000.0,43310000000.0,9332000000.0,12415000000.0,48851000000.0,3172000000.0,-4421000000.0,-111000000.0
GOOG,2011-06-30,False,Q2,2011,10-Q,9026000000.0,2881000000.0,2505000000.0,7.77,7.68,0.0,64861000000.0,46442000000.0,7798000000.0,10320000000.0,51991000000.0,6691000000.0,-11035000000.0,847000000.0
GOOG,2010-12-31,False,FY,2010,10-K,29321000000.0,10381000000.0,8505000000.0,26.69,26.31,0.0,57851000000.0,41562000000.0,9996000000.0,13630000000.0,46241000000.0,11081000000.0,-10680000000.0,3050000000.0
GOOG/GOOGL,2015-03-31,False,Q1,2015,10-Q,17258000000.0,4447000000.0,3586000000.0,5.27,5.2,0.0,133400000000.0,80313000000.0,14336000000.0,16976000000.0,108448000000.0,6617000000.0,-7304000000.0,-391000000.0
GOOG,2014-12-31,False,FY,2014,10-K,66001000000.0,16496000000.0,14444000000.0,21.37,21.02,0.0,131133000000.0,80685000000.0,16805000000.0,18347000000.0,104500000000.0,22376000000.0,-21055000000.0,-1439000000.0
GOOG/GOOGL,2014-09-30,False,Q3,2014,10-Q,16523000000.0,3724000000.0,2813000000.0,4.15,4.09,0.0,125781000000.0,80115000000.0,17920000000.0,15605000000.0,98815000000.0,16012000000.0,-17814000000.0,-1095000000.0
GOOG/GOOGL,2014-06-30,False,Q2,2014,10-Q,15955000000.0,4258000000.0,3422000000.0,5.07,4.99,0.0,121608000000.0,77905000000.0,17097000000.0,19620000000.0,95749000000.0,10018000000.0,-8487000000.0,-640000000.0
GOOG,2014-03-31,False,Q1,2014,10-Q,15420000000.0,4115000000.0,3452000000.0,5.13,5.04,0.0,116526000000.0,75314000000.0,16270000000.0,16639000000.0,91711000000.0,4391000000.0,-7307000000.0,822000000.0
GOOG,2013-12-31,False,FY,2013,10-K,59825000000.0,13966000000.0,12920000000.0,38.82,38.13,0.0,110920000000.0,72886000000.0,15908000000.0,18898000000.0,87309000000.0,18659000000.0,-13679000000.0,-857000000.0
GOOG,2013-09-30,False,Q3,2013,10-Q,14893000000.0,3444000000.0,2970000000.0,8.9,8.75,0.0,105068000000.0,68858000000.0,14475000000.0,15242000000.0,82989000000.0,13421000000.0,-12062000000.0,-889000000.0
GOOG,2013-06-30,False,Q2,2013,10-Q,14105000000.0,3123000000.0,3228000000.0,9.71,9.54,0.0,101182000000.0,66861000000.0,15329000000.0,16164000000.0,78852000000.0,8338000000.0,-6244000000.0,-622000000.0
GOOG,2012-03-31,False,Q1,2012,10-Q,10645000000.0,3389000000.0,2890000000.0,8.88,8.75,0.0,77144000000.0,56859000000.0,9742000000.0,23108000000.0,61712000000.0,3694000000.0,8151000000.0,1230000000.0
GOOG,2011-12-31,False,FY,2011,10-K,37905000000.0,11742000000.0,9737000000.0,30.17,29.76,0.0,72574000000.0,52758000000.0,8913000000.0,9983000000.0,58145000000.0,14565000000.0,-19041000000.0,807000000.0
GOOG,2011-09-30,False,Q3,2011,10-Q,9720000000.0,3058000000.0,2729000000.0,8.44,8.33,0.0,69088000000.0,50042000000.0,8888000000.0,10630000000.0,54830000000.0,10641000000.0,-14482000000.0,767000000.0
GOOG,2013-03-31,False,Q1,2013,10-Q,13969000000.0,3477000000.0,3346000000.0,10.13,9.94,0.0,96692000000.0,62808000000.0,13252000000.0,15375000000.0,75473000000.0,3633000000.0,-2441000000.0,-517000000.0
GOOG,2012-12-31,False,FY,2012,10-K,50175000000.0,12760000000.0,10737000000.0,32.81,32.31,0.0,93798000000.0,60454000000.0,14337000000.0,14778000000.0,71715000000.0,16619000000.0,-13056000000.0,1229000000.0
GOOG,2012-09-30,False,Q3,2012,10-Q,14101000000.0,2736000000.0,2176000000.0,6.64,6.53,0.0,89730000000.0,56821000000.0,14434000000.0,16260000000.0,68028000000.0,11950000000.0,-7542000000.0,1921000000.0
GOOG,2012-06-30,False,Q2,2012,10-Q,12214000000.0,3203000000.0,2785000000.0,8.54,8.42,0.0,86051000000.0,53857000000.0,14028000000.0,15437000000.0,64721000000.0,7946000000.0,-4235000000.0,1869000000.0
GOOG/GOOGL,2015-06-30,False,Q2,2015,10-Q,17727000000.0,4825000000.0,3409000000.0,21.480000000000004,21.22,0.0,138807000000.0,84164000000.0,17362000000.0,18453000000.0,111783000000.0,13602000000.0,-12407000000.0,-841000000.0
